<record xmlns="http://www.loc.gov/MARC21/slim" xmlns:xsi="http://www.w3.org/2001/XMLSchema-instance" xsi:schemaLocation="http://www.loc.gov/MARC21/slim http://www.loc.gov/standards/marcxml/schema/MARC21slim.xsd"><leader>02863nam a2200481   4500</leader><controlfield tag="001">7111300</controlfield><controlfield tag="003">NIC</controlfield><controlfield tag="006">m        d        </controlfield><controlfield tag="007">cr cn |||m|||a</controlfield><controlfield tag="008">150222s1877    ua      o     000 0cara d</controlfield><datafield ind1=" " ind2=" " tag="040"><subfield code="a">NNU</subfield><subfield code="b">eng</subfield><subfield code="c">NNU</subfield></datafield><datafield ind1=" " ind2="4" tag="050"><subfield code="a">PJ6063</subfield><subfield code="b">.I2 1877</subfield></datafield><datafield ind1="1" ind2=" " tag="100"><subfield code="6">880-01</subfield><subfield code="a">Ibn al-Anba&#772;ri&#772;, &#699;Abd al-Rah&#803;ma&#772;n ibn Muh&#803;ammad,</subfield><subfield code="d">1119-1181.</subfield></datafield><datafield ind1="1" ind2="0" tag="245"><subfield code="6">880-02</subfield><subfield code="a">Nuzhat al-alibba&#772; fi&#772; t&#803;abaqa&#772;t al-udaba&#772;, ayy, al-nuh&#803;a&#772;h</subfield><subfield code="h">[electronic resource] /</subfield><subfield code="c">ta&#700;li&#772;f Abi&#772; al-Baraka&#772;t &#699;Abd al-Rah&#803;ma&#772;n ibn Muh&#803;ammad al-Anba&#772;ri&#772;.</subfield></datafield><datafield ind1="3" ind2="0" tag="246"><subfield code="6">880-03</subfield><subfield code="a">Nuzhat al-alibba&#772; fi&#772; t&#803;abaqa&#772;t al-udaba&#772;</subfield></datafield><datafield ind1="3" ind2="0" tag="246"><subfield code="6">880-04</subfield><subfield code="a">Nuh&#803;a&#772;h</subfield></datafield><datafield ind1="1" ind2=" " tag="246"><subfield code="6">880-05</subfield><subfield code="i">Title on p. 490:</subfield><subfield code="a">T&#803;abaqa&#772;t a&#700;immat al-nah&#803;wi&#772;yi&#772;n wa-ta&#772;ri&#772;kh &#699;ulama&#772;&#700; al-adab al-mu&#699;taribi&#772;n</subfield></datafield><datafield ind1=" " ind2=" " tag="260"><subfield code="6">880-06</subfield><subfield code="a">[Cairo :</subfield><subfield code="b">s.n.],</subfield><subfield code="c">1294 [1877]</subfield></datafield><datafield ind1=" " ind2=" " tag="300"><subfield code="a">online resource (491 p.)</subfield></datafield><datafield ind1=" " ind2=" " tag="500"><subfield code="a">Part of the Arabic Collections Online (ACO) project, contributed by Cornell University Libraries.</subfield></datafield><datafield ind1=" " ind2=" " tag="533"><subfield code="a">Electronic reproduction.</subfield><subfield code="b">New York, N.Y. :</subfield><subfield code="c">New York University,</subfield><subfield code="d">2015.</subfield><subfield code="5">NNU</subfield></datafield><datafield ind1=" " ind2="0" tag="650"><subfield code="a">Muslim scholars</subfield><subfield code="v">Biography</subfield><subfield code="v">Early works to 1800.</subfield></datafield><datafield ind1=" " ind2="0" tag="650"><subfield code="a">Authors, Arab</subfield><subfield code="v">Biography</subfield><subfield code="v">Early works to 1800.</subfield></datafield><datafield ind1=" " ind2="0" tag="650"><subfield code="a">Grammarians</subfield><subfield code="z">Arab countries</subfield><subfield code="v">Biography</subfield><subfield code="v">Early works to 1800.</subfield></datafield><datafield ind1=" " ind2="7" tag="650"><subfield code="a">Authors, Arab.</subfield><subfield code="2">fast</subfield><subfield code="0">(OCoLC)fst00821793</subfield></datafield><datafield ind1=" " ind2="7" tag="650"><subfield code="a">Grammarians.</subfield><subfield code="2">fast</subfield><subfield code="0">(OCoLC)fst00946284</subfield></datafield><datafield ind1=" " ind2="7" tag="650"><subfield code="a">Muslim scholars.</subfield><subfield code="2">fast</subfield><subfield code="0">(OCoLC)fst01731774</subfield></datafield><datafield ind1=" " ind2="7" tag="651"><subfield code="a">Arab countries.</subfield><subfield code="2">fast</subfield><subfield code="0">(OCoLC)fst01240128</subfield></datafield><datafield ind1=" " ind2="7" tag="655"><subfield code="a">Biography.</subfield><subfield code="2">fast</subfield><subfield code="0">(OCoLC)fst01423686</subfield></datafield><datafield ind1=" " ind2="7" tag="655"><subfield code="a">Early works.</subfield><subfield code="2">fast</subfield><subfield code="0">(OCoLC)fst01411636</subfield></datafield><datafield ind1="2" ind2=" " tag="710"><subfield code="a">Cornell University.</subfield><subfield code="b">Libraries.</subfield></datafield><datafield ind1="0" ind2=" " tag="730"><subfield code="a">Arabic Collections Online.</subfield></datafield><datafield ind1="0" ind2="8" tag="776"><subfield code="i">Online version:</subfield><subfield code="a">Ibn al-Anba&#772;ri&#772;, &#699;Abd al-Rah&#803;ma&#772;n ibn Muh&#803;ammad, 1119-1181.</subfield><subfield code="t">Nuzhat al-alibba&#772; fi&#772; t&#803;abaqa&#772;t al-udaba&#772;, ayy, al-nuh&#803;a&#772;h.</subfield><subfield code="d">[Cairo : s.n.], 1294 [1877]</subfield><subfield code="w">(OCoLC)798495738</subfield></datafield><datafield ind1="0" ind2="8" tag="776"><subfield code="i">Print version:</subfield><subfield code="a">Ibn al-Anba&#772;ri&#772;, &#699;Abd al-Rah&#803;ma&#772;n ibn Muh&#803;ammad, 1119-1181.</subfield><subfield code="t">Nuzhat al-alibba&#772; fi&#772; t&#803;abaqa&#772;t al-udaba&#772;, ayy, al-nuh&#803;a&#772;h</subfield><subfield code="w">(NIC)7111300</subfield><subfield code="w">(OCoLC)122781988</subfield></datafield><datafield ind1="4" ind2="0" tag="856"><subfield code="u">http://hdl.handle.net/2333.1/z8w9gm78</subfield></datafield><datafield ind1="1" ind2=" " tag="880"><subfield code="6">100-01/r</subfield><subfield code="a">&#1573;&#1576;&#1606; &#1575;&#1604;&#1571;&#1606;&#1576;&#1575;&#1585;&#1609;&#1548; &#1593;&#1576;&#1583; &#1575;&#1604;&#1585;&#1581;&#1605;&#1606; &#1576;&#1606; &#1605;&#1581;&#1605;&#1583;.</subfield></datafield><datafield ind1="1" ind2="0" tag="880"><subfield code="6">245-02/r</subfield><subfield code="a">&#1606;&#1586;&#1607;&#1577; &#1575;&#1604;&#1571;&#1604;&#1576;&#1575; &#1601;&#1609; &#1591;&#1576;&#1602;&#1575;&#1578; &#1575;&#1604;&#1571;&#1583;&#1576;&#1575;&#1548; &#1575;&#1609;&#1548; &#1575;&#1604;&#1606;&#1581;&#1575;&#1577; /</subfield><subfield code="c">&#1578;&#1571;&#1604;&#1610;&#1601; &#1571;&#1576;&#1609; &#1575;&#1604;&#1576;&#1585;&#1603;&#1575;&#1578; &#1593;&#1576;&#1583; &#1575;&#1604;&#1585;&#1581;&#1605;&#1606; &#1576;&#1606; &#1605;&#1581;&#1605;&#1583; &#1575;&#1604;&#1571;&#1606;&#1576;&#1575;&#1585;&#1609;.</subfield></datafield><datafield ind1="3" ind2="0" tag="880"><subfield code="6">246-03/r</subfield><subfield code="a">&#1606;&#1586;&#1607;&#1577; &#1575;&#1604;&#1571;&#1604;&#1576;&#1575; &#1601;&#1609; &#1591;&#1576;&#1602;&#1575;&#1578; &#1575;&#1604;&#1571;&#1583;&#1576;&#1575;</subfield></datafield><datafield ind1="3" ind2="0" tag="880"><subfield code="6">246-04/r</subfield><subfield code="a">&#1606;&#1581;&#1575;&#1577;</subfield></datafield><datafield ind1="1" ind2=" " tag="880"><subfield code="6">246-05/r</subfield><subfield code="i">Title on p. 490:</subfield><subfield code="a">&#1591;&#1576;&#1602;&#1575;&#1578; &#1575;&#1574;&#1605;&#1577; &#1575;&#1604;&#1606;&#1581;&#1608;&#1610;&#1610;&#1606; &#1608;&#1578;&#1575;&#1585;&#1610;&#1582; &#1593;&#1604;&#1605;&#1575;&#1569; &#1575;&#1604;&#1575;&#1583;&#1576; &#1575;&#1604;&#1605;&#1593;&#1578;&#1585;&#1576;&#1610;&#1606;</subfield></datafield><datafield ind1=" " ind2=" " tag="880"><subfield code="6">260-06/r</subfield><subfield code="a">[Cairo :</subfield><subfield code="b">s.n.]&#1548;</subfield><subfield code="c">1294 [1877]</subfield></datafield><datafield ind1=" " ind2=" " tag="959"><subfield code="a">NNU</subfield><subfield code="b">WEB</subfield><subfield code="c">GENI</subfield><subfield code="t">0</subfield><subfield code="m">Electronic access</subfield><subfield code="s">01</subfield></datafield><datafield ind1=" " ind2=" " tag="999"><subfield code="i">NIC_7111300</subfield><subfield code="o">(OCoLC)ocn122781988</subfield><subfield code="s">cornell_aco000193</subfield></datafield></record>